%YAML 1.1
%TAG !u! tag:unity3d.com,2011:
--- !u!1 &1471026782563340691
GameObject:
  m_ObjectHideFlags: 0
  m_CorrespondingSourceObject: {fileID: 0}
  m_PrefabInstance: {fileID: 0}
  m_PrefabAsset: {fileID: 0}
  serializedVersion: 6
  m_Component:
  - component: {fileID: 4705380874417417662}
  - component: {fileID: 1235942907261241916}
  - component: {fileID: 1656976634363743909}
  m_Layer: 8
  m_Name: CircleShooter
  m_TagString: Untagged
  m_Icon: {fileID: 0}
  m_NavMeshLayer: 0
  m_StaticEditorFlags: 0
  m_IsActive: 1
--- !u!4 &4705380874417417662
Transform:
  m_ObjectHideFlags: 0
  m_CorrespondingSourceObject: {fileID: 0}
  m_PrefabInstance: {fileID: 0}
  m_PrefabAsset: {fileID: 0}
  m_GameObject: {fileID: 1471026782563340691}
  m_LocalRotation: {x: 0, y: 0, z: 0, w: 1}
  m_LocalPosition: {x: 0, y: 0, z: 0}
  m_LocalScale: {x: 1, y: 1, z: 1}
  m_Children: []
  m_Father: {fileID: 7761491075609646463}
  m_RootOrder: 1
  m_LocalEulerAnglesHint: {x: 0, y: 0, z: 0}
--- !u!114 &1235942907261241916
MonoBehaviour:
  m_ObjectHideFlags: 0
  m_CorrespondingSourceObject: {fileID: 0}
  m_PrefabInstance: {fileID: 0}
  m_PrefabAsset: {fileID: 0}
  m_GameObject: {fileID: 1471026782563340691}
  m_Enabled: 1
  m_EditorHideFlags: 0
  m_Script: {fileID: 11500000, guid: 3fd6ef58a6d5e6048b69bdd34ee89b62, type: 3}
  m_Name: 
  m_EditorClassIdentifier: 
  type: 1
  offsetShoot: {x: 0, y: 0, z: 0}
  timeBetweenShoot: 16
  velocity: 8
  wayNum: 72
  numberLine: 16
  centerAngle: 180
  betweenAngle: 5
  nextLineDelay: 0.6
  shootCalled: 0
--- !u!114 &1656976634363743909
MonoBehaviour:
  m_ObjectHideFlags: 0
  m_CorrespondingSourceObject: {fileID: 0}
  m_PrefabInstance: {fileID: 0}
  m_PrefabAsset: {fileID: 0}
  m_GameObject: {fileID: 1471026782563340691}
  m_Enabled: 1
  m_EditorHideFlags: 0
  m_Script: {fileID: 11500000, guid: 3fd6ef58a6d5e6048b69bdd34ee89b62, type: 3}
  m_Name: 
  m_EditorClassIdentifier: 
  type: 1
  offsetShoot: {x: 0, y: 0, z: 0}
  timeBetweenShoot: 16
  velocity: 8
  wayNum: 72
  numberLine: 16
  centerAngle: 182.5
  betweenAngle: 5
  nextLineDelay: 0.6
  shootCalled: 0
--- !u!1 &3388609667501045104
GameObject:
  m_ObjectHideFlags: 0
  m_CorrespondingSourceObject: {fileID: 0}
  m_PrefabInstance: {fileID: 0}
  m_PrefabAsset: {fileID: 0}
  serializedVersion: 6
  m_Component:
  - component: {fileID: 7761491075609646463}
  - component: {fileID: 172702132989208258}
  - component: {fileID: 7740198624815642772}
  - component: {fileID: 5589687355061167274}
  m_Layer: 8
  m_Name: Lvl3_Boss
  m_TagString: Untagged
  m_Icon: {fileID: 0}
  m_NavMeshLayer: 0
  m_StaticEditorFlags: 0
  m_IsActive: 1
--- !u!4 &7761491075609646463
Transform:
  m_ObjectHideFlags: 0
  m_CorrespondingSourceObject: {fileID: 0}
  m_PrefabInstance: {fileID: 0}
  m_PrefabAsset: {fileID: 0}
  m_GameObject: {fileID: 3388609667501045104}
  m_LocalRotation: {x: 0, y: 0, z: 0, w: 1}
  m_LocalPosition: {x: 5.25, y: -0.06254691, z: 2.4825854}
  m_LocalScale: {x: 1, y: 1, z: 1}
  m_Children:
  - {fileID: 5056644824791665780}
  - {fileID: 4705380874417417662}
  - {fileID: 2916779307884951684}
  m_Father: {fileID: 0}
  m_RootOrder: 0
  m_LocalEulerAnglesHint: {x: 0, y: 0, z: 0}
--- !u!114 &172702132989208258
MonoBehaviour:
  m_ObjectHideFlags: 0
  m_CorrespondingSourceObject: {fileID: 0}
  m_PrefabInstance: {fileID: 0}
  m_PrefabAsset: {fileID: 0}
  m_GameObject: {fileID: 3388609667501045104}
  m_Enabled: 1
  m_EditorHideFlags: 0
  m_Script: {fileID: 11500000, guid: 5c761dfd828184d45b9d5cd20a1e56b8, type: 3}
  m_Name: 
  m_EditorClassIdentifier: 
  type: 0
  offsetShoot: {x: 0, y: 0, z: 0}
  timeBetweenShoot: 0.5
  velocity: 20
  listShootSequence:
  - shootController: {fileID: 1235942907261241916}
    startTime: 0
    duration: 10
  - shootController: {fileID: 1656976634363743909}
    startTime: 0.3
    duration: 10
  - shootController: {fileID: 8469222269723444518}
    startTime: 11.5
    duration: 10
  - shootController: {fileID: 821901778385360225}
    startTime: 11.5
    duration: 10
  - shootController: {fileID: 1074969823998347355}
    startTime: 12.5
    duration: 9
  - shootController: {fileID: 3118825028532041934}
    startTime: 12.5
    duration: 9
  - shootController: {fileID: 7197026348599567889}
    startTime: 12.5
    duration: 9
  - shootController: {fileID: 3350224453199519491}
    startTime: 12.5
    duration: 9
  shootCalled: 0
--- !u!114 &7740198624815642772
MonoBehaviour:
  m_ObjectHideFlags: 0
  m_CorrespondingSourceObject: {fileID: 0}
  m_PrefabInstance: {fileID: 0}
  m_PrefabAsset: {fileID: 0}
  m_GameObject: {fileID: 3388609667501045104}
  m_Enabled: 1
  m_EditorHideFlags: 0
  m_Script: {fileID: 11500000, guid: ac28f5bb26fc8b2439dd4d1a2cc8d884, type: 3}
  m_Name: 
  m_EditorClassIdentifier: 
  hp: 250
  mask:
    serializedVersion: 2
    m_Bits: 640
  hitEvent:
    m_PersistentCalls:
      m_Calls:
      - m_Target: {fileID: 8191402156463394648, guid: 9ebf88f2a11758b49b32f2a478b0d510, type: 3}
        m_TargetAssemblyTypeName: GameManager, Assembly-CSharp
        m_MethodName: PlayHitSound
        m_Mode: 1
        m_Arguments:
          m_ObjectArgument: {fileID: 0}
          m_ObjectArgumentAssemblyTypeName: UnityEngine.Object, UnityEngine
          m_IntArgument: 0
          m_FloatArgument: 0
          m_StringArgument: 
          m_BoolArgument: 0
        m_CallState: 2
  deadEvent:
    m_PersistentCalls:
      m_Calls:
      - m_Target: {fileID: 7740198624815642772}
        m_TargetAssemblyTypeName: HPController, Assembly-CSharp
        m_MethodName: DestroyGameObject
        m_Mode: 1
        m_Arguments:
          m_ObjectArgument: {fileID: 0}
          m_ObjectArgumentAssemblyTypeName: UnityEngine.Object, UnityEngine
          m_IntArgument: 0
          m_FloatArgument: 0
          m_StringArgument: 
          m_BoolArgument: 0
        m_CallState: 2
  hit: 0
  isPlayer: 0
--- !u!58 &5589687355061167274
CircleCollider2D:
  m_ObjectHideFlags: 0
  m_CorrespondingSourceObject: {fileID: 0}
  m_PrefabInstance: {fileID: 0}
  m_PrefabAsset: {fileID: 0}
  m_GameObject: {fileID: 3388609667501045104}
  m_Enabled: 1
  m_Density: 1
  m_Material: {fileID: 0}
  m_IsTrigger: 0
  m_UsedByEffector: 0
  m_UsedByComposite: 0
  m_Offset: {x: 0, y: 0}
  serializedVersion: 2
  m_Radius: 2.0329285
--- !u!1 &3849116705765762161
GameObject:
  m_ObjectHideFlags: 0
  m_CorrespondingSourceObject: {fileID: 0}
  m_PrefabInstance: {fileID: 0}
  m_PrefabAsset: {fileID: 0}
  serializedVersion: 6
  m_Component:
  - component: {fileID: 3048392723432487389}
  - component: {fileID: 821901778385360225}
  m_Layer: 8
  m_Name: Spiral2
  m_TagString: Untagged
  m_Icon: {fileID: 0}
  m_NavMeshLayer: 0
  m_StaticEditorFlags: 0
  m_IsActive: 1
--- !u!4 &3048392723432487389
Transform:
  m_ObjectHideFlags: 0
  m_CorrespondingSourceObject: {fileID: 0}
  m_PrefabInstance: {fileID: 0}
  m_PrefabAsset: {fileID: 0}
  m_GameObject: {fileID: 3849116705765762161}
  m_LocalRotation: {x: 0, y: 0, z: 0, w: 1}
  m_LocalPosition: {x: 0, y: 0, z: 0}
  m_LocalScale: {x: 1, y: 1, z: 1}
  m_Children: []
  m_Father: {fileID: 2916779307884951684}
  m_RootOrder: 0
  m_LocalEulerAnglesHint: {x: 0, y: 0, z: 0}
--- !u!114 &821901778385360225
MonoBehaviour:
  m_ObjectHideFlags: 0
  m_CorrespondingSourceObject: {fileID: 0}
  m_PrefabInstance: {fileID: 0}
  m_PrefabAsset: {fileID: 0}
  m_GameObject: {fileID: 3849116705765762161}
  m_Enabled: 1
  m_EditorHideFlags: 0
  m_Script: {fileID: 11500000, guid: cb9cff79ac3fb4346aac1f7e0d70e4fe, type: 3}
  m_Name: 
  m_EditorClassIdentifier: 
  type: 3
  offsetShoot: {x: 0, y: 0, z: 0}
  timeBetweenShoot: 20
  velocity: 10
  startAngle: 0
  spiralShoot: 4
  moveLeft: 1
  numberBullet: 160
  betweenAngle: 2.5
  nextShootDelay: 0.05
  shootCalled: 0
--- !u!1 &4115549969728487790
GameObject:
  m_ObjectHideFlags: 0
  m_CorrespondingSourceObject: {fileID: 0}
  m_PrefabInstance: {fileID: 0}
  m_PrefabAsset: {fileID: 0}
  serializedVersion: 6
  m_Component:
  - component: {fileID: 2916779307884951684}
  - component: {fileID: 8469222269723444518}
  m_Layer: 8
  m_Name: Spiral1
  m_TagString: Untagged
  m_Icon: {fileID: 0}
  m_NavMeshLayer: 0
  m_StaticEditorFlags: 0
  m_IsActive: 1
--- !u!4 &2916779307884951684
Transform:
  m_ObjectHideFlags: 0
  m_CorrespondingSourceObject: {fileID: 0}
  m_PrefabInstance: {fileID: 0}
  m_PrefabAsset: {fileID: 0}
  m_GameObject: {fileID: 4115549969728487790}
  m_LocalRotation: {x: 0, y: 0, z: 0, w: 1}
  m_LocalPosition: {x: 0, y: 0, z: 0}
  m_LocalScale: {x: 1, y: 1, z: 1}
  m_Children:
  - {fileID: 3048392723432487389}
  m_Father: {fileID: 7761491075609646463}
  m_RootOrder: 2
  m_LocalEulerAnglesHint: {x: 0, y: 0, z: 0}
--- !u!114 &8469222269723444518
MonoBehaviour:
  m_ObjectHideFlags: 0
  m_CorrespondingSourceObject: {fileID: 0}
  m_PrefabInstance: {fileID: 0}
  m_PrefabAsset: {fileID: 0}
  m_GameObject: {fileID: 4115549969728487790}
  m_Enabled: 1
  m_EditorHideFlags: 0
  m_Script: {fileID: 11500000, guid: cb9cff79ac3fb4346aac1f7e0d70e4fe, type: 3}
  m_Name: 
  m_EditorClassIdentifier: 
  type: 3
  offsetShoot: {x: 0, y: 0, z: 0}
  timeBetweenShoot: 20
  velocity: 10
  startAngle: 0
  spiralShoot: 4
  moveLeft: 0
  numberBullet: 160
  betweenAngle: 2.5
  nextShootDelay: 0.05
  shootCalled: 0
--- !u!1001 &6742984398016462691
PrefabInstance:
  m_ObjectHideFlags: 0
  serializedVersion: 2
  m_Modification:
    m_TransformParent: {fileID: 7761491075609646463}
    m_Modifications:
    - target: {fileID: 1426771558, guid: 3b99e90c03cbbff47ba8a9e3fefcb247, type: 3}
      propertyPath: m_Mesh
      value: 
      objectReference: {fileID: 0}
    - target: {fileID: 1426771560, guid: 3b99e90c03cbbff47ba8a9e3fefcb247, type: 3}
      propertyPath: m_Mesh
      value: 
      objectReference: {fileID: 0}
    - target: {fileID: 1773592547100173401, guid: 3b99e90c03cbbff47ba8a9e3fefcb247, type: 3}
      propertyPath: timeBetweenShoot
      value: 1
      objectReference: {fileID: 0}
    - target: {fileID: 1999364281636909874, guid: 3b99e90c03cbbff47ba8a9e3fefcb247, type: 3}
      propertyPath: m_Mesh
      value: 
      objectReference: {fileID: 0}
    - target: {fileID: 1999364281636909876, guid: 3b99e90c03cbbff47ba8a9e3fefcb247, type: 3}
      propertyPath: m_Mesh
      value: 
      objectReference: {fileID: 0}
    - target: {fileID: 1999364281701502337, guid: 3b99e90c03cbbff47ba8a9e3fefcb247, type: 3}
      propertyPath: m_Mesh
      value: 
      objectReference: {fileID: 0}
    - target: {fileID: 1999364281701502338, guid: 3b99e90c03cbbff47ba8a9e3fefcb247, type: 3}
      propertyPath: m_Mesh
      value: 
      objectReference: {fileID: 0}
    - target: {fileID: 1999364282004102253, guid: 3b99e90c03cbbff47ba8a9e3fefcb247, type: 3}
      propertyPath: m_Mesh
      value: 
      objectReference: {fileID: 0}
    - target: {fileID: 1999364282004102254, guid: 3b99e90c03cbbff47ba8a9e3fefcb247, type: 3}
      propertyPath: m_Mesh
      value: 
      objectReference: {fileID: 0}
    - target: {fileID: 1999364282076647733, guid: 3b99e90c03cbbff47ba8a9e3fefcb247, type: 3}
      propertyPath: m_Mesh
      value: 
      objectReference: {fileID: 0}
    - target: {fileID: 1999364282076647734, guid: 3b99e90c03cbbff47ba8a9e3fefcb247, type: 3}
      propertyPath: m_Mesh
      value: 
      objectReference: {fileID: 0}
    - target: {fileID: 1999364282328019732, guid: 3b99e90c03cbbff47ba8a9e3fefcb247, type: 3}
      propertyPath: m_Name
      value: Boss
      objectReference: {fileID: 0}
    - target: {fileID: 1999364282328019735, guid: 3b99e90c03cbbff47ba8a9e3fefcb247, type: 3}
      propertyPath: m_RootOrder
      value: 0
      objectReference: {fileID: 0}
    - target: {fileID: 1999364282328019735, guid: 3b99e90c03cbbff47ba8a9e3fefcb247, type: 3}
      propertyPath: m_LocalPosition.x
      value: 0
      objectReference: {fileID: 0}
    - target: {fileID: 1999364282328019735, guid: 3b99e90c03cbbff47ba8a9e3fefcb247, type: 3}
      propertyPath: m_LocalPosition.y
      value: 0
      objectReference: {fileID: 0}
    - target: {fileID: 1999364282328019735, guid: 3b99e90c03cbbff47ba8a9e3fefcb247, type: 3}
      propertyPath: m_LocalPosition.z
      value: 0
      objectReference: {fileID: 0}
    - target: {fileID: 1999364282328019735, guid: 3b99e90c03cbbff47ba8a9e3fefcb247, type: 3}
      propertyPath: m_LocalRotation.w
      value: 1
      objectReference: {fileID: 0}
    - target: {fileID: 1999364282328019735, guid: 3b99e90c03cbbff47ba8a9e3fefcb247, type: 3}
      propertyPath: m_LocalRotation.x
      value: 0
      objectReference: {fileID: 0}
    - target: {fileID: 1999364282328019735, guid: 3b99e90c03cbbff47ba8a9e3fefcb247, type: 3}
      propertyPath: m_LocalRotation.y
      value: 0
      objectReference: {fileID: 0}
    - target: {fileID: 1999364282328019735, guid: 3b99e90c03cbbff47ba8a9e3fefcb247, type: 3}
      propertyPath: m_LocalRotation.z
      value: 0
      objectReference: {fileID: 0}
    - target: {fileID: 1999364282328019735, guid: 3b99e90c03cbbff47ba8a9e3fefcb247, type: 3}
      propertyPath: m_LocalEulerAnglesHint.x
      value: 0
      objectReference: {fileID: 0}
    - target: {fileID: 1999364282328019735, guid: 3b99e90c03cbbff47ba8a9e3fefcb247, type: 3}
      propertyPath: m_LocalEulerAnglesHint.y
      value: 0
      objectReference: {fileID: 0}
    - target: {fileID: 1999364282328019735, guid: 3b99e90c03cbbff47ba8a9e3fefcb247, type: 3}
      propertyPath: m_LocalEulerAnglesHint.z
      value: 0
      objectReference: {fileID: 0}
    - target: {fileID: 1999364282402670537, guid: 3b99e90c03cbbff47ba8a9e3fefcb247, type: 3}
      propertyPath: m_Mesh
      value: 
      objectReference: {fileID: 0}
    - target: {fileID: 1999364282402670538, guid: 3b99e90c03cbbff47ba8a9e3fefcb247, type: 3}
      propertyPath: m_Mesh
      value: 
      objectReference: {fileID: 0}
    - target: {fileID: 1999364283116601677, guid: 3b99e90c03cbbff47ba8a9e3fefcb247, type: 3}
      propertyPath: m_Mesh
      value: 
      objectReference: {fileID: 0}
    - target: {fileID: 1999364283116601679, guid: 3b99e90c03cbbff47ba8a9e3fefcb247, type: 3}
      propertyPath: m_Mesh
      value: 
      objectReference: {fileID: 0}
    - target: {fileID: 1999364283150600371, guid: 3b99e90c03cbbff47ba8a9e3fefcb247, type: 3}
      propertyPath: m_Mesh
      value: 
      objectReference: {fileID: 0}
    - target: {fileID: 1999364283150600373, guid: 3b99e90c03cbbff47ba8a9e3fefcb247, type: 3}
      propertyPath: m_Mesh
      value: 
      objectReference: {fileID: 0}
    - target: {fileID: 2547201830919854698, guid: 3b99e90c03cbbff47ba8a9e3fefcb247, type: 3}
      propertyPath: timeBetweenShoot
      value: 1
      objectReference: {fileID: 0}
    - target: {fileID: 4669735794932609807, guid: 3b99e90c03cbbff47ba8a9e3fefcb247, type: 3}
      propertyPath: timeBetweenShoot
      value: 1
      objectReference: {fileID: 0}
    - target: {fileID: 6650173324299939251, guid: 3b99e90c03cbbff47ba8a9e3fefcb247, type: 3}
      propertyPath: timeBetweenShoot
      value: 1
      objectReference: {fileID: 0}
    m_RemovedComponents: []
  m_SourcePrefab: {fileID: 100100000, guid: 3b99e90c03cbbff47ba8a9e3fefcb247, type: 3}
--- !u!4 &5056644824791665780 stripped
Transform:
  m_CorrespondingSourceObject: {fileID: 1999364282328019735, guid: 3b99e90c03cbbff47ba8a9e3fefcb247, type: 3}
  m_PrefabInstance: {fileID: 6742984398016462691}
  m_PrefabAsset: {fileID: 0}
--- !u!114 &1074969823998347355 stripped
MonoBehaviour:
  m_CorrespondingSourceObject: {fileID: 6014816553263576888, guid: 3b99e90c03cbbff47ba8a9e3fefcb247, type: 3}
  m_PrefabInstance: {fileID: 6742984398016462691}
  m_PrefabAsset: {fileID: 0}
  m_GameObject: {fileID: 0}
  m_Enabled: 1
  m_EditorHideFlags: 0
  m_Script: {fileID: 11500000, guid: 761e4a69809c6f8438cb2d40db7800ca, type: 3}
  m_Name: 
  m_EditorClassIdentifier: 
--- !u!114 &3118825028532041934 stripped
MonoBehaviour:
  m_CorrespondingSourceObject: {fileID: 8564630720771409837, guid: 3b99e90c03cbbff47ba8a9e3fefcb247, type: 3}
  m_PrefabInstance: {fileID: 6742984398016462691}
  m_PrefabAsset: {fileID: 0}
  m_GameObject: {fileID: 0}
  m_Enabled: 1
  m_EditorHideFlags: 0
  m_Script: {fileID: 11500000, guid: 761e4a69809c6f8438cb2d40db7800ca, type: 3}
  m_Name: 
  m_EditorClassIdentifier: 
--- !u!114 &7197026348599567889 stripped
MonoBehaviour:
  m_CorrespondingSourceObject: {fileID: 4499973166006983026, guid: 3b99e90c03cbbff47ba8a9e3fefcb247, type: 3}
  m_PrefabInstance: {fileID: 6742984398016462691}
  m_PrefabAsset: {fileID: 0}
  m_GameObject: {fileID: 0}
  m_Enabled: 1
  m_EditorHideFlags: 0
  m_Script: {fileID: 11500000, guid: 761e4a69809c6f8438cb2d40db7800ca, type: 3}
  m_Name: 
  m_EditorClassIdentifier: 
--- !u!114 &3350224453199519491 stripped
MonoBehaviour:
  m_CorrespondingSourceObject: {fileID: 8353482376001445984, guid: 3b99e90c03cbbff47ba8a9e3fefcb247, type: 3}
  m_PrefabInstance: {fileID: 6742984398016462691}
  m_PrefabAsset: {fileID: 0}
  m_GameObject: {fileID: 0}
  m_Enabled: 1
  m_EditorHideFlags: 0
  m_Script: {fileID: 11500000, guid: 761e4a69809c6f8438cb2d40db7800ca, type: 3}
  m_Name: 
  m_EditorClassIdentifier: 
